#conferences
@string{IROS = "Proc.\ {IEEE/RSJ} Intl Conf.\ on Intelligent Robots and Systems ({IROS})"}
@string{ICRA = "Proc.\ {IEEE} Intl Conf.\ on Robotics and Automation ({ICRA})"}
@string{RSS = "Proc.\ Robotics: Science and Systems ({RSS})"}
@string{CORL = "Proc.\ Conference on Robot Learning ({CoRL})"}
@string{HUMANOIDS = "Proc.\ {IEEE-RAS} Intl Conf.\ on Humanoid Robots ({H}umanoids)"}
@string{ROMAN = "Proc.\ {IEEE} Intl Symp.\ on Robot and Human Interactive Communication ({Ro-Man})"}
@string{HRI	= "Proc.\ {ACM/IEEE} Intl Conf.\ on Human-Robot Interaction ({HRI})"}
@string{ICAR = "Proc.\ {IEEE} Intl Conf.\ on Advanced Robotics ({ICAR})"}
@string{ICML = "Proc.\ Intl Conf.\ on Machine Learning ({ICML})"}
@string{SIGGRAPH = "Proc. {ACM} Intl Conf.\ on Computer graphics and Interactive Techniques ({SIGGRAPH})"}
@string{AAAI = "Proc.\ {AAAI} Conference on Artificial Intelligence"}
@string{NIPS = "Advances in Neural Information Processing Systems ({NeurIPS})"}
@string{CVPR = "Proc.\ {IEEE} Conf.\ on Computer Vision and Pattern Recognition ({CVPR})"}

%ProMP
@incollection{Paraschos13,
	author = {Paraschos, A. and Daniel, C. and Peters, J. and Neumann, G.},
	title = {Probabilistic Movement Primitives},
	booktitle = NIPS,
	pages = {2616--2624},
	year = {2013},
	publisher = {Curran Associates, Inc.},
	address = {USA},
	editor = {Burges, C. J. C. and Bottou, L. and Welling, M. and Ghahramani, Z. and Weinberger, K. Q.},
}

%Benchmark
@article{Lemme15,
	author       = {Lemme, A. and Meirovitch, Y. and Khansari-Zadeh, S. M. and Flash, T. and Billard, A. and Steil, J. J.},
	title        = {Open-source benchmarking for learned reaching motion generation in robotics},
	journal      = {Paladyn, Journal of Behavioral Robotics},
	volume       = {6},
	number       = {1},
	pages        = {30--41},
	publisher    = {de Gruyter},
	year         = {2015},
}

%DMP
@inproceedings{IjspeertNakhanishiSchaal01,
  author="Ijspeert, A. J. and Nakanishi, J. and Schaal, S.",
  title="Trajectory formation for imitation with nonlinear dynamical systems",
  booktitle=IROS,
  year="2001",
  pages="752--757",
}

%DMP
@article{Ijspeert13,
	author="Ijspeert, A. and Nakanishi, J. and Pastor, P. and Hoffmann, H. and Schaal, S.",
	title="Dynamical movement primitives: Learning attractor models for motor behaviors",
	journal="Neural Computation",
	year="2013",
	volume="25",
	number="2",
	pages="328--373"
}

%RBF
@article{Broomhead88,
  author = {Broomhead, D. S. and Lowe, D.},
  title = {Multivariable Functional Interpolation and Adaptive Networks},
  journal = {Complex Systems},
  volume = {2},
  number = {3},
  pages = {321--355},
  year = {1988}
}

%MP
@incollection{Calinon19MM,
	author="Calinon, S.",
	title="Mixture Models for the Analysis, Edition, and Synthesis of Continuous Time Series",
	booktitle="Mixture Models and Applications",
	publisher="Springer",
	editor="Bouguila, N. and Fan, W.", 
	year="2019",
	pages="39--57",
	doi="10.1007/978-3-030-23876-6\_3"
}

%iLQR
@inproceedings{Li04,
	author="Li, W. and Todorov, E.",
	title="Iterative Linear Quadratic Regulator Design for Nonlinear Biological Movement Systems",
	booktitle="Proc.\ Intl Conf.\ on Informatics in Control, Automation and Robotics (ICINCO)",
	pages="222--229",
	year="2004"
}

%DDP
@article{Mayne66,
	author = {Mayne, D.},
	title = {A Second-order Gradient Method for Determining Optimal Trajectories of Non-linear Discrete-time Systems},
	journal = {International Journal of Control},
	publisher = {Taylor & Francis},
	year  = {1966},
	volume = {3},
	number = {1},
	pages = {85--95}
}

%DDP
@article{Rosenbrock72, 
	author={Rosenbrock, H. H.},
	title={Differential Dynamic Programming}, 
	volume={56},
	number={395}, 
	journal={The Mathematical Gazette}, 
	publisher={Cambridge University Press},  
	year={1972}, 
	pages={78--78}
}

%Riemannian Manifolds
@article{Calinon20RAM,
	author="Calinon, S.",
	title="Gaussians on {R}iemannian Manifolds: Applications for Robot Learning and Adaptive Control",
	journal="{IEEE} Robotics and Automation Magazine ({RAM})",
	year="2020",
	month="June",
	volume="27",
	number="2",
	pages="33--45",
	doi="10.1109/MRA.2020.2980548"
}

%manipulability
@inproceedings{Jaquier20IROS,
	author="Jaquier, N. and Rozo, L. and Calinon, S.",
	title="Analysis and Transfer of Human Movement Manipulability in Industry-like Activities",
	booktitle=IROS,
	year="2020",
	pages="11131--11138"
}

%manipulability
@article{Jaquier21IJRR,
	author="Jaquier, N. and Rozo, L. and Caldwell, D. G. and Calinon, S.",
	title="Geometry-aware Manipulability Learning, Tracking and Transfer",
	journal="International Journal of Robotics Research ({IJRR})",
	year="2021",
	volume="40",
	number="2--3",
	pages="624--650",
	doi="10.1177/0278364920946815"
}

%manipulability index (in Japanese)
@article{Yoshikawa85,
	author="T. Yoshikawa",
	title="Dynamic manipulability of robot manipulators",
	journal="Robotic Systems",
	volume="2",
	pages="113--124",
	year="1985"
}

%manipulability, bimanual robot
@article{Park98,
	author = {Park, F. C. and Kim, J. W.},
	title = {Manipulability of Closed Kinematic Chains},
	journal = {Journal of Mechanical Design},
	year = {1998},
	volume = {120},
	number = {4},
	pages = {542--548},
}

%manipulability, Riemannian manifold
@article{Maric21,
	author = {Mari\'c, F. and Petrovi\'c, L. and Guberina, M. and Kelly, J. and Petrovi\'c, I.},
	title = {A {R}iemannian metric for geometry-aware singularity avoidance by articulated robots},
	journal = {Robotics and Autonomous Systems},
	volume = {145},
	pages = {103865},
	year = {2021},
}

%Centroidal momentum ellipsoid
@inproceedings{Orin08,
	author={Orin, D. E. and Goswami, A.},
	title={Centroidal Momentum Matrix of a humanoid robot: Structure and properties},
	booktitle=IROS,  
	year={2008},
	pages={653--659}
}

%Movement primitives
@article{MussaIvaldi94,
	author = "Mussa-Ivaldi, F. A. and Giszter, S. F. and Bizzi, E.",
	title = "Linear combinations of primitives in vertebrate motor control",
	journal = "Proc. National Academy of Sciences",
	volume = "91",
	date = "August",
	year = 1994,
	pages = "7534--7538"
}

%Line search
@book{Nocedal06,
	author="Nocedal, J. and Wright, S.", 
	title="Numerical optimization",
	year="2006",
	publisher="Springer",
	address="New York, NY"
}

%Ergodic control, SMC
@inproceedings{Mathew09, 
	author={Mathew, G. and Mezic, I.}, 
	title={Spectral Multiscale Coverage: A uniform coverage algorithm for mobile sensor networks}, 
	booktitle={Proc.\ {IEEE} Conf.\ on Decision and Control}, 
	year={2009}, 
	pages={7872--7877}, 
	month={Dec}
}

%Ergodic control, HEDAC
@article{Ivic17,
	author={Ivi\'c, S. and Crnkovi\'c, B. and Mezi\'c, I.},
	title={Ergodicity-Based Cooperative Multiagent Area Coverage via a Potential Field}, 
	journal={IEEE Trans. on Cybernetics}, 
	year={2017},
	volume={47},
	number={8},
	pages={1983--1993}
}

%SDF, Eikonal equation
@InProceedings{Gropp20,
  author = {Gropp, A. and Yariv, L. and Haim, N. and Atzmon, M. and Lipman, Y.},
  title = {Implicit Geometric Regularization for Learning Shapes},
  booktitle = {Proc. Intl Conf. on Machine Learning ({ICML})},
  pages = {3789--3799},
  year = {2020}
}
